<record><leader>00000cas a2200000 a 4500</leader><controlfield tag="001">10657774</controlfield><controlfield tag="008">840424d18681880vtuwr ne      0    0eng d</controlfield><datafield ind1=" " ind2=" " tag="010"><subfield code="a">sn 84022878 </subfield></datafield><datafield ind1=" " ind2=" " tag="040"><subfield code="a">NPX</subfield><subfield code="b">eng</subfield><subfield code="c">NPX</subfield><subfield code="d">NPU</subfield><subfield code="d">YOX</subfield><subfield code="d">MGN</subfield><subfield code="d">RHN</subfield><subfield code="d">NVN</subfield><subfield code="d">OCLCQ</subfield><subfield code="d">DLC</subfield><subfield code="d">OCLCQ</subfield><subfield code="d">OCLCA</subfield><subfield code="d">OCLCF</subfield></datafield><datafield ind1="1" ind2=" " tag="029"><subfield code="a">AU@</subfield><subfield code="b">000020129187</subfield></datafield><datafield ind1=" " ind2=" " tag="042"><subfield code="a">msc</subfield></datafield><datafield ind1=" " ind2=" " tag="043"><subfield code="a">n-us-vt</subfield></datafield><datafield ind1="0" ind2="4" tag="245"><subfield code="a">The Vermont record and farmer.</subfield></datafield><datafield ind1=" " ind2=" " tag="260"><subfield code="a">Brattleboro, Vt. :</subfield><subfield code="b">E.P. &amp; A.C. Ackerman</subfield></datafield><datafield ind1=" " ind2=" " tag="300"><subfield code="a">volumes ;</subfield><subfield code="c">55 cm</subfield></datafield><datafield ind1=" " ind2=" " tag="310"><subfield code="a">Weekly</subfield></datafield><datafield ind1=" " ind2=" " tag="336"><subfield code="a">text</subfield><subfield code="b">txt</subfield><subfield code="2">rdacontent</subfield></datafield><datafield ind1=" " ind2=" " tag="337"><subfield code="a">unmediated</subfield><subfield code="b">n</subfield><subfield code="2">rdamedia</subfield></datafield><datafield ind1=" " ind2=" " tag="338"><subfield code="a">volume</subfield><subfield code="b">nc</subfield><subfield code="2">rdacarrier</subfield></datafield><datafield ind1="0" ind2=" " tag="362"><subfield code="a">Vol. 7, no. 1 (Jan. 1, 1868)-</subfield></datafield><datafield ind1="1" ind2=" " tag="362"><subfield code="a">Ceased Apr. 28, 1880.</subfield></datafield><datafield ind1=" " ind2=" " tag="500"><subfield code="a">Publishers: E.P. Ackerman, 1868-&lt;1869&gt;; F.D. Cobleigh, &lt;1869&gt;-1874; L.L. Davis, &lt;1875&gt;; A. Chandler, &lt;1876&gt;-</subfield></datafield><datafield ind1=" " ind2=" " tag="500"><subfield code="a">Editors: E.P. Ackerman, 1868-&lt;1869&gt;; A.C. Ackerman, 1868; F.D. Cobleigh, &lt;1869&gt;-1874; A. Chandler, &lt;1876&gt;.</subfield></datafield><datafield ind1=" " ind2="0" tag="651"><subfield code="a">Brattleboro (Vt.)</subfield><subfield code="v">Newspapers.</subfield></datafield><datafield ind1=" " ind2="0" tag="651"><subfield code="a">Vermont</subfield><subfield code="v">Newspapers.</subfield></datafield><datafield ind1=" " ind2="7" tag="655"><subfield code="a">Newspapers.</subfield><subfield code="2">fast</subfield><subfield code="0">(OCoLC)fst01423814</subfield></datafield><datafield ind1=" " ind2="7" tag="651"><subfield code="a">Vermont.</subfield><subfield code="2">fast</subfield><subfield code="0">(OCoLC)fst01204305</subfield></datafield><datafield ind1=" " ind2="7" tag="651"><subfield code="a">Vermont</subfield><subfield code="z">Brattleboro.</subfield><subfield code="2">fast</subfield><subfield code="0">(OCoLC)fst01225010</subfield></datafield><datafield ind1="1" ind2=" " tag="700"><subfield code="a">Ackerman, A. C.</subfield></datafield><datafield ind1="1" ind2=" " tag="700"><subfield code="a">Ackerman, Edward P.</subfield></datafield><datafield ind1="1" ind2=" " tag="700"><subfield code="a">Cobleigh, Frank D.,</subfield><subfield code="d">1839-1874.</subfield></datafield><datafield ind1="1" ind2=" " tag="700"><subfield code="a">Chandler, A.</subfield></datafield><datafield ind1=" " ind2=" " tag="752"><subfield code="a">United States</subfield><subfield code="b">Vermont</subfield><subfield code="c">Windham</subfield><subfield code="d">Brattleboro.</subfield></datafield><datafield ind1="0" ind2="0" tag="780"><subfield code="t">Vermont record (Brandon, Vt.)</subfield><subfield code="w">(DLC)sn 84022872</subfield><subfield code="w">(OCoLC)10648352</subfield></datafield><datafield ind1="0" ind2="4" tag="785"><subfield code="t">Vermont phoenix (Brattleboro, Vt. : 1834)</subfield><subfield code="w">(DLC)sn 83025664</subfield></datafield></record>